<?xml version="1.0" encoding="UTF-8"?><record xmlns="http://www.loc.gov/MARC21/slim" xmlns:cinclude="http://apache.org/cocoon/include/1.0" xmlns:zs="http://www.loc.gov/zing/srw/">
  <leader>00704cz  a2200193n  4500</leader>
  <controlfield tag="001">n  77015145 </controlfield>
  <controlfield tag="003">DLC</controlfield>
  <controlfield tag="005">20041029162847.0</controlfield>
  <controlfield tag="008">771122n| acannaabn          |a aaa      </controlfield>
  <datafield tag="010" ind1=" " ind2=" ">
    <subfield code="a">n  77015145 </subfield>
  </datafield>
  <datafield tag="035" ind1=" " ind2=" ">
    <subfield code="a">(OCoLC)oca00131600</subfield>
  </datafield>
  <datafield tag="040" ind1=" " ind2=" ">
    <subfield code="a">DLC</subfield>
    <subfield code="b">eng</subfield>
    <subfield code="c">DLC</subfield>
    <subfield code="d">OCoLC</subfield>
    <subfield code="d">DLC</subfield>
  </datafield>
  <datafield tag="053" ind1=" " ind2="0">
    <subfield code="a">PS3552.U7243</subfield>
  </datafield>
  <datafield tag="100" ind1="1" ind2=" ">
    <subfield code="a">Burkett, Larry</subfield>
  </datafield>
  <datafield tag="400" ind1="1" ind2=" ">
    <subfield code="a">Berkit, Larri</subfield>
  </datafield>
  <datafield tag="670" ind1=" " ind2=" ">
    <subfield code="a">His What husbands wish ... c1977:</subfield>
    <subfield code="b">t.p. (Larry Burkett)</subfield>
  </datafield>
  <datafield tag="670" ind1=" " ind2=" ">
    <subfield code="a">Vashi finansy vo vremena peremen, 1999:</subfield>
    <subfield code="b">t.p. (Larri Berkit)</subfield>
  </datafield>
  <datafield tag="670" ind1=" " ind2=" ">
    <subfield code="a">His The financial planning workbook, 1982, c1979:</subfield>
    <subfield code="b">CIP t.p. (Larry Burkett) data sheet (b. 3/31/39)</subfield>
  </datafield>
  <datafield tag="670" ind1=" " ind2=" ">
    <subfield code="a">Burkett, Larry. The illuminati, c2004:</subfield>
    <subfield code="b">t.p. (Larry Burkett) p. 344 (d. 2003)</subfield>
  </datafield>
</record>